@misc{julialang,
  title={Linear Algebra},
  howpublished="\url{https://docs.julialang.org/en/v1/stdlib/LinearAlgebra/}", journal={Linear Algebra - The Julia Language}, publisher={The Julia Language}, author="{Julia contributors}"}
@misc{tanase, title={Lecture 4: HITS Algorithm - Hubs and Authorities on the Internet},
  howpublished="\url{http://pi.math.cornell.edu/~mec/Winter2009/RalucaRemus/Lecture4/lecture4.html}", journal={HITS Algorithm - Hubs and Authorities on the Internet}, publisher={Cornell University}, author={Radu, Remus and Tanase, Raluca}} 
@book{strang,
  title={Introduction to Linear Algebra},
  author={Strang, G.},
  isbn={9780980232776},
  howpublished="\url{https://books.google.com/books?id=efbxjwEACAAJ}",
  year={2016},
  publisher={Wellesley-Cambridge Press}
}
@misc{snap,
  author       = {Jure Leskovec and Andrej Krevl},
  title        = {{SNAP Datasets}: {Stanford} Large Network Dataset Collection},
  howpublished = {\url{http://snap.stanford.edu/data}},
  month        = jun,
  year         = 2014
}
@misc{ perron,
    author = "{Wikipedia contributors}",
    title = "Perronâ€“Frobenius theorem --- {Wikipedia}{,} The Free Encyclopedia",
    year = "2021",
    howpublished = "\url{https://en.wikipedia.org/w/index.php?title=Perron%E2%80%93Frobenius_theorem&oldid=1058136598}",
    note = "[Online; accessed 3-December-2021]"
  }
 @misc{ hits,
    author = "{Wikipedia contributors}",
    title = "HITS algorithm --- {Wikipedia}{,} The Free Encyclopedia",
    year = "2021",
    howpublished = "\url{https://en.wikipedia.org/w/index.php?title=HITS_algorithm&oldid=1008455356}",
    note = "[Online; accessed 3-December-2021]"
  }
  @misc{ pagerank,
    author = "{Wikipedia contributors}",
    title = "PageRank --- {Wikipedia}{,} The Free Encyclopedia",
    year = "2021",
    howpublished = "\url{https://en.wikipedia.org/w/index.php?title=PageRank&oldid=1058274873}",
    note = "[Online; accessed 3-December-2021]"
  }
